@book{Base,
    author    = "Konoth, Radhesh Krishnan, Victor van der Veen, and Herbert Bos.",
    title     = "How Anywhere Computing Just Killed Your Phone-Based Two-Factor Authentication",
    publisher = "VU University Amsterdam, The Netherlands",
    url = "fc16.ifca.ai/preproceedings/24_Konoth.pdf"
}